@Book{xie2015,
  title = {Dynamic Documents with {R} and knitr},
  author = {Yihui Xie},
  publisher = {Chapman and Hall/CRC},
  address = {Boca Raton, Florida},
  year = {2015},
  edition = {2nd},
  note = {ISBN 978-1498716963},
  url = {http://yihui.name/knitr/},
}

@article{bailey2002review,
  title={A review of telework research: Findings, new directions, and lessons for the study of modern work},
  author={Bailey, Diane E and Kurland, Nancy B},
  journal={Journal of Organizational Behavior: The International Journal of Industrial, Occupational and Organizational Psychology and Behavior},
  volume={23},
  number={4},
  pages={383--400},
  year={2002},
  publisher={Wiley Online Library}
}

@article{e2018does,
  title={Does home-based telework reduce household total travel? A path analysis using single and two worker British households},
  author={e Silva, Jo{\~a}o de Abreu and Melo, Patr{\'\i}cia C},
  journal={Journal of Transport Geography},
  volume={73},
  pages={148--162},
  year={2018},
  publisher={Elsevier}
}

@article{Kitamura1991,
author = {Kitamura, Ryuichi and Nilles, Jack M and Conroy, Patrick and Fleming, David M},
file = {:home/alessia/Downloads/1285-012.pdf:pdf},
journal = {Transportation Research Record},
pages = {98--104},
title = {{Telecommuting as a Transportation Planning Measure : Initial Results of California Pilot Project Ryuichi Kitamura Reprint No . 58 of California}},
volume = {1285},
year = {1991}
}
@article{olson1983remote,
  title={Remote office work: changing work patterns in space and time},
  author={Olson, Margrethe H},
  journal={Communications of the ACM},
  volume={26},
  number={3},
  pages={182--187},
  year={1983},
  publisher={ACM New York, NY, USA}
}

@article{holgersen2020and,
  title={Who and How Many Can Work from Home? Evidence from Task Descriptions and Norwegian Job Advertisements.},
  author={Holgersen, Henning and Jia, Zhiyang and Svenkerud, Simen},
  journal={Evidence from Task Descriptions and Norwegian Job Advertisements.(April 20, 2020)},
  year={2020}
}

@article{brynjolfsson2020covid,
  title={COVID-19 and Remote Work: An Early Look at US Data},
  author={Brynjolfsson, Erik and Horton, John and Ozimek, Adam and Rock, Daniel and Sharma, Garima and Ye, Hong Yi Tu},
  journal={Unpublished work},
  year={2020}
}



